<record><leader>00000cas a22000007a 4500</leader><controlfield tag="001">26368592</controlfield><controlfield tag="008">920810d18781879vtudn ne      0    0eng d</controlfield><datafield ind1=" " ind2=" " tag="010"><subfield code="a">sn 92056745 </subfield></datafield><datafield ind1=" " ind2=" " tag="040"><subfield code="a">MGN</subfield><subfield code="b">eng</subfield><subfield code="c">MGN</subfield><subfield code="d">OCLCQ</subfield></datafield><datafield ind1=" " ind2=" " tag="042"><subfield code="a">msc</subfield></datafield><datafield ind1="0" ind2=" " tag="130"><subfield code="a">St. Albans advertiser (Saint Albans, Vt. : Daily)</subfield></datafield><datafield ind1="1" ind2="4" tag="245"><subfield code="a">The St. Albans advertiser.</subfield></datafield><datafield ind1="3" ind2="0" tag="246"><subfield code="a">Saint Albans advertiser</subfield></datafield><datafield ind1=" " ind2=" " tag="260"><subfield code="a">[St. Albans, Vt. :</subfield><subfield code="b">Edward S. Sears]</subfield></datafield><datafield ind1=" " ind2=" " tag="300"><subfield code="a">v.</subfield></datafield><datafield ind1=" " ind2=" " tag="310"><subfield code="a">Daily (except Sun.)</subfield></datafield><datafield ind1="1" ind2=" " tag="362"><subfield code="a">Began in June 1878.</subfield></datafield><datafield ind1="0" ind2=" " tag="362"><subfield code="a">-v. 3, no. 676 (Apr. 19, 1879).</subfield></datafield><datafield ind1=" " ind2=" " tag="588"><subfield code="a">Description based on: Vol. 2, no. 527 (Oct. 15, 1878).</subfield></datafield><datafield ind1=" " ind2=" " tag="752"><subfield code="a">United States</subfield><subfield code="b">Vermont</subfield><subfield code="c">Franklin</subfield><subfield code="d">Saint Albans.</subfield></datafield><datafield ind1="0" ind2=" " tag="775"><subfield code="t">St. Albans advertiser (Saint Albans, Vt. : Semiweekly)</subfield></datafield><datafield ind1="0" ind2="0" tag="780"><subfield code="t">St. Albans daily advertiser</subfield><subfield code="w">(DLC)sn 85033132</subfield></datafield><datafield ind1="0" ind2="0" tag="785"><subfield code="t">Daily advertiser (Saint Albans, Vt. : 1879)</subfield><subfield code="w">(DLC)sn 92056746</subfield></datafield></record>